<?xml version="1.0" encoding="UTF-8"?><collection xmlns="http://www.loc.gov/MARC21/slim"><record><leader>00488nam--2200133-i-4500</leader><controlfield tag="001">000019931</controlfield><controlfield tag="002">20161230</controlfield><controlfield tag="005">20161230201033</controlfield><controlfield tag="008">060222s1000------------r-----000-0-eng-d</controlfield><datafield ind1=" " ind2=" " tag="245"><subfield code="a">Energy, power, and environment.solar energy technology handbook.part. a: engineering fundamentals. editors: william c. dickinson, and cheremisinoff, paul n</subfield></datafield><datafield ind1=" " ind2=" " tag="260"><subfield code="a">New York, Marcell Dekker, Inc., 1980</subfield></datafield><datafield ind1=" " ind2=" " tag="490"><subfield code="a">A Series Of Reference Books And Textbooks</subfield></datafield><datafield ind1=" " ind2=" " tag="700"><subfield code="a">Powers, Philip. N</subfield></datafield><datafield ind1=" " ind2=" " tag="852"><subfield code="a">48834</subfield></datafield></record></collection>